<?xml version="1.0" encoding="UTF-8"?><collection><record><leader>05978ntm a2200553 a 4500</leader><controlfield tag="001">012440921</controlfield><controlfield tag="003">MiAaHDL</controlfield><controlfield tag="005">20190719000000.0</controlfield><controlfield tag="006">m        d        </controlfield><controlfield tag="007">cr bn ---auaua</controlfield><controlfield tag="008">130801q17801850tu            00| ||ota d</controlfield><datafield tag="035" ind1=" " ind2=" "><subfield code="a">(MiU)012440921</subfield></datafield><datafield tag="035" ind1=" " ind2=" "><subfield code="a">sdr-miu012440921</subfield></datafield><datafield tag="040" ind1=" " ind2=" "><subfield code="a">MiU</subfield><subfield code="c">MiU</subfield><subfield code="e">amremm</subfield></datafield><datafield tag="043" ind1=" " ind2=" "><subfield code="a">n-us-mi</subfield></datafield><datafield tag="100" ind1="1" ind2=" "><subfield code="6">880-01</subfield><subfield code="a">Darendeli.</subfield></datafield><datafield tag="245" ind1="1" ind2="0"><subfield code="6">880-03</subfield><subfield code="a">Ruzname,</subfield><subfield code="f">[late 18th or early 19th century?].</subfield></datafield><datafield tag="246" ind1="3" ind2="0"><subfield code="a">Takvim-i daimi</subfield></datafield><datafield tag="246" ind1="3" ind2="0"><subfield code="a">تقويم دائمى</subfield></datafield><datafield tag="260" ind1=" " ind2=" "><subfield code="a">[Istanbul,</subfield><subfield code="c">ca. 1780-1850?]</subfield></datafield><datafield tag="300" ind1=" " ind2=" "><subfield code="a">1 roll :</subfield><subfield code="b">parchment ;</subfield><subfield code="c">950 x 90 (54) mm. on wooden dowel with finials 108 mm.</subfield></datafield><datafield tag="500" ind1=" " ind2=" "><subfield code="a">Origin: Lacks dated colophon ; decoration, hand, date among tables, etc. would suggest late 18th century or early 19th century.</subfield></datafield><datafield tag="500" ind1=" " ind2=" "><subfield code="a">Shelfmark: Ann Arbor, University of Michigan, Special Collections Library, Isl. Ms. 1056</subfield></datafield><datafield tag="500" ind1=" " ind2=" "><subfield code="a">Binding: Wrapped in a short length of brown leather (unlined, limp) attached to opening of roll ; rolled around narrow wooden dowel (with finials of wood), not affixed to roll ; roll comprised of two lengths of parchment joined together ; overall in fair condition with minor pest damage and abrasion of leather.</subfield></datafield><datafield tag="500" ind1=" " ind2=" "><subfield code="a">Support: Parchment ; two sturdy pieces joined with adhesive (seams and overlap visible) ; writing seemingly on hair side ; pale yellow in color ; opening piece 570 mm. long, ; second piece 380 mm. long ; some warping, creasing and cracking, loss of ink.</subfield></datafield><datafield tag="500" ind1=" " ind2=" "><subfield code="a">Decoration: Illuminated headpiece (ʻunwān / sarlawḥ) at opening of roll consisting of scalloped w-shaped piece filled with large, swirling floral vegetal motifs mainly in dark pink, white and light blue on a gold ground, set in a well of red-orange and gold and surmounted by vertical stalks (tīgh) ; keywords and numerals and alternating columns or rows of headings and numerals rubricated ; tables framed in heavy gold bands outlined with black fillets ; narrower gold bands set apart headings and define margins ; rows and columns of tables defined by black fillets.</subfield></datafield><datafield tag="500" ind1=" " ind2=" "><subfield code="a">Script: Naskh ; chiefly a clear Ottoman hand in a medium line, small and compact ; mainly serifless with very slight effect of inclination to the left, pointing (for two and three dots) in strokes rather than distinct dots, curvilinear though somewhat flattened descenders, etc.</subfield></datafield><datafield tag="500" ind1=" " ind2=" "><subfield code="a">Layout: Single column consisting of a series of tables (thirteen in total) with notes addressing occasions, etc. in the margins framing the tables along the length of the roll.</subfield></datafield><datafield tag="500" ind1=" " ind2=" "><subfield code="a">Explicit: "بو روزنامه ده تحرير اولنان سمت قبله نك قاعدسى املا مولده واسلامبولك طولنه وعرضنه مساوى اولان زمينلرده صحيح ساعت لر ايله بو جدولده كى مقداره كلدكده بر كمسنه كونشه قرشودوره تمام قبل توجه اتمش اولور بو روزنامه ده امساك اتمك ايچون ... كمسته اون بش دقيقه ... كرك ..."</subfield></datafield><datafield tag="500" ind1=" " ind2=" "><subfield code="a">Incipit: "بو غر نامده محرم كلدكده شهور عربينك تحتنده اولان ارقاملرى سكز خانه ده اولان ارقامك سنه ده هر برينه ضم ايده ديز وهفته كونلرينك تحتندن ..."</subfield></datafield><datafield tag="500" ind1=" " ind2=" "><subfield code="a">Title from closing text (at end of roll) describing contents.</subfield></datafield><datafield tag="500" ind1=" " ind2=" "><subfield code="a">Ms. roll.</subfield></datafield><datafield tag="510" ind1="3" ind2=" "><subfield code="a">Türkische Kunst und Kultur aus osmanischer Zeit. Recklinghausen : A. Bongers, c1985.</subfield></datafield><datafield tag="510" ind1="3" ind2=" "><subfield code="a">Rogers, J. M. Empire of the Sultans: Ottoman Art from the Collection of Nasser D. Khalili. Geneva : Musée d'art et d'histoire ; London : Nour Foundation in association with Azimuth Editions, 1995.</subfield></datafield><datafield tag="510" ind1="4" ind2=" "><subfield code="a">Maddison, Francis and Emilie Savage-Smith. Pt. 1. Body and spirit, mapping the universe. Science, tools &amp; magic. Nasser D. Khalili Collection of Islamic Art, v. 12 ([London]: The Nour Foundation in association with Azimuth Editions and Oxford University Press, 1997),</subfield><subfield code="c">280-281</subfield></datafield><datafield tag="510" ind1="4" ind2=" "><subfield code="a">King, David A. A Survey of the Scientific Manuscripts in the Egyptian National Library (Winona Lake, IN: Eisenbrauns, 1986),</subfield><subfield code="c">no. H1, p.169</subfield></datafield><datafield tag="510" ind1="4" ind2=" "><subfield code="a">King, David A. "Part II. A Survey of Tables for Regulating the Times of Prayer." In In Synchrony with the Heavens. Studies in Astronomical Timekeeping and Instrumentation in Medieval Islamic Civilization. Volume I. The Call of the Muezzin (Studies I-IX) (Leiden: Brill, 2004):</subfield><subfield code="c">191-456</subfield></datafield><datafield tag="510" ind1="3" ind2=" "><subfield code="a">İhsanoğlu, Ekmeleddin, Ed. Osmanlı astronomi literatürü tarihi [= History of astronomy literature during the Ottoman period]. İstanbul : İslâm Tarih, Sanat ve Kültür Araştırma Merkezi, 1997. 2 vols.</subfield></datafield><datafield tag="520" ind1=" " ind2=" "><subfield code="a">Elegant copy of what appears to be a version of the almanac or calendar attributed to Darendeli Mehmet Efendi (Muḥammad ibn ʻUmar ibn ʻUthmān al-Dārandalī, d.1739) addressing qiblah direction, times of prayer, times of imsāk (15 minutes before time given which corresponds to dawn), etc. in rotulus format (i.e. scroll opening vertically). See King, "Part II. A Survey of Tables for Regulating the Times of Prayer," pp.442 (Fig. 14.4 b-c), 444-445 and Osmanlı astronomi literatürü tarihi (İhsanoğlu, Ed.), vol.1, no.271, pp.406-410.</subfield></datafield><datafield tag="538" ind1=" " ind2=" "><subfield code="a">Mode of access: Internet.</subfield></datafield><datafield tag="546" ind1=" " ind2=" "><subfield code="a">Ottoman Turkish.</subfield></datafield><datafield tag="561" ind1=" " ind2=" "><subfield code="a">No former owners' marks apparent ; clean copy.</subfield></datafield><datafield tag="650" ind1=" " ind2="0"><subfield code="a">Manuscripts, Turkish</subfield><subfield code="z">Michigan</subfield><subfield code="z">Ann Arbor.</subfield></datafield><datafield tag="650" ind1=" " ind2="0"><subfield code="a">Salat</subfield><subfield code="v">Early works to 1800.</subfield></datafield><datafield tag="650" ind1=" " ind2="0"><subfield code="a">Qiblah</subfield><subfield code="v">Early works to 1800.</subfield></datafield><datafield tag="650" ind1=" " ind2="0"><subfield code="a">Islamic almanacs</subfield><subfield code="v">Early works to 1800.</subfield></datafield><datafield tag="650" ind1=" " ind2="0"><subfield code="a">Islamic calendar</subfield><subfield code="v">Early works to 1800.</subfield></datafield><datafield tag="650" ind1=" " ind2="0"><subfield code="a">Perpetual calendars</subfield><subfield code="v">Early works to 1800.</subfield></datafield><datafield tag="650" ind1=" " ind2="0"><subfield code="a">Time measurements</subfield><subfield code="v">Handbooks, manuals, etc.</subfield><subfield code="v">Early works to 1800.</subfield></datafield><datafield tag="655" ind1=" " ind2="7"><subfield code="a">Headpiece (layout features)</subfield><subfield code="y">18th century.</subfield><subfield code="2">aat</subfield></datafield><datafield tag="880" ind1="1" ind2="0"><subfield code="6">245-03/</subfield><subfield code="a">روزنامه،</subfield><subfield code="f">[اواخر القرن 18 او اوائل القرن 19م؟].</subfield></datafield><datafield tag="880" ind1="1" ind2=" "><subfield code="6">100-01/</subfield><subfield code="a">درنده لى.</subfield></datafield><datafield tag="CID" ind1=" " ind2=" "><subfield code="a">012440921</subfield></datafield><datafield tag="DAT" ind1="0" ind2=" "><subfield code="a">20190719102642.0</subfield><subfield code="b">20190719000000.0</subfield></datafield><datafield tag="DAT" ind1="1" ind2=" "><subfield code="a">20190719090653.0</subfield><subfield code="b">2019-07-19T16:10:24Z</subfield></datafield><datafield tag="DAT" ind1="2" ind2=" "><subfield code="a">2019-02-15T19:00:02Z</subfield></datafield><datafield tag="CAT" ind1=" " ind2=" "><subfield code="a">SDR-MIU</subfield><subfield code="d">EX LIBRIS - ALEPH</subfield><subfield code="l">prepare.pl-004-008</subfield></datafield><datafield tag="FMT" ind1=" " ind2=" "><subfield code="a">BK</subfield></datafield><datafield tag="HOL" ind1=" " ind2=" "><subfield code="0">sdr-miu012440921</subfield><subfield code="a">MiU</subfield><subfield code="b">SDR</subfield><subfield code="c">MIU</subfield><subfield code="p">mdp.39015079133032</subfield><subfield code="s">MIU</subfield><subfield code="1">012440921</subfield></datafield><datafield tag="974" ind1=" " ind2=" "><subfield code="b">MIU</subfield><subfield code="c">MIU</subfield><subfield code="d">20190719</subfield><subfield code="s">lit-dlps-dc</subfield><subfield code="u">mdp.39015079133032</subfield><subfield code="y">1850</subfield><subfield code="r">pd</subfield><subfield code="q">bib</subfield><subfield code="t">non-US bib date2 &lt; 1896</subfield></datafield></record></collection>